<?xml version="1.0" encoding="UTF-8"?><collection xmlns="http://www.loc.gov/MARC21/slim"><record><leader>00384nam--2200145-i-4500</leader><controlfield tag="001">000049382</controlfield><controlfield tag="002">20161230</controlfield><controlfield tag="005">20161230201047</controlfield><controlfield tag="008">060222s1000------------r-----000-0-eng-d</controlfield><datafield ind1=" " ind2=" " tag="080"><subfield code="a">552.12</subfield></datafield><datafield ind1=" " ind2=" " tag="100"><subfield code="a">Peterson, Mervyn S</subfield></datafield><datafield ind1=" " ind2=" " tag="245"><subfield code="a">Experimental rock deformation-the brittle field</subfield></datafield><datafield ind1=" " ind2=" " tag="260"><subfield code="a">Berlin, Springer-verlag, 1978, Xii+254p</subfield></datafield><datafield ind1=" " ind2=" " tag="490"><subfield code="a">Minerals And Rocks</subfield></datafield><datafield ind1=" " ind2=" " tag="852"><subfield code="a">47303</subfield></datafield></record></collection>